<record><leader>00000cas a2200000 a 4500</leader><controlfield tag="001">12169728</controlfield><controlfield tag="008">850618c19049999ksuwr ne      0    0eng d</controlfield><datafield ind1=" " ind2=" " tag="010"><subfield code="a">sn 85030587 </subfield></datafield><datafield ind1=" " ind2=" " tag="040"><subfield code="a">KSH</subfield><subfield code="b">eng</subfield><subfield code="c">KSH</subfield><subfield code="d">NPT</subfield><subfield code="d">OCL</subfield><subfield code="d">OCLCQ</subfield></datafield><datafield ind1=" " ind2=" " tag="042"><subfield code="a">msc</subfield></datafield><datafield ind1="0" ind2=" " tag="130"><subfield code="a">Erie record (Erie, Kan. : 1904)</subfield></datafield><datafield ind1="1" ind2="4" tag="245"><subfield code="a">The Erie record.</subfield></datafield><datafield ind1="1" ind2="3" tag="246"><subfield code="a">Erie record and Walnut eagle</subfield><subfield code="f">Apr. 6, 1951-Feb. 15, 1952</subfield></datafield><datafield ind1=" " ind2=" " tag="260"><subfield code="a">Erie, Kan. :</subfield><subfield code="b">Seth G. Wells,</subfield><subfield code="c">1904-</subfield></datafield><datafield ind1=" " ind2=" " tag="300"><subfield code="a">v. :</subfield><subfield code="b">ill. ;</subfield><subfield code="c">56 cm.</subfield></datafield><datafield ind1=" " ind2=" " tag="310"><subfield code="a">Weekly</subfield></datafield><datafield ind1="0" ind2=" " tag="362"><subfield code="a">Vol. 29, no. 12 (Dec. 16, 1904)-</subfield></datafield><datafield ind1=" " ind2=" " tag="500"><subfield code="a">Publisher varies.</subfield></datafield><datafield ind1=" " ind2=" " tag="752"><subfield code="a">United States</subfield><subfield code="b">Kansas</subfield><subfield code="c">Neosho</subfield><subfield code="d">Erie.</subfield></datafield><datafield ind1="0" ind2="0" tag="780"><subfield code="t">Erie republican record</subfield><subfield code="w">(DLC)sn 85030618</subfield></datafield><datafield ind1="0" ind2="5" tag="780"><subfield code="t">Erie sentinel (Erie, Kan. : 1917)</subfield><subfield code="g">Oct. 26, 1923</subfield><subfield code="w">(DLC)sn 85030605</subfield></datafield><datafield ind1="0" ind2="5" tag="780"><subfield code="t">Walnut eagle</subfield><subfield code="g">Apr. 6, 1951</subfield><subfield code="w">(DLC)sn 84029263</subfield></datafield></record>